<record><leader>00000cas a2200000 a 4500</leader><controlfield tag="001">25835909</controlfield><controlfield tag="008">920518d189519uuiluwr ne      0   a0eng c</controlfield><datafield ind1=" " ind2=" " tag="010"><subfield code="a">sn 92061570 </subfield></datafield><datafield ind1=" " ind2=" " tag="040"><subfield code="a">NYS</subfield><subfield code="b">eng</subfield><subfield code="c">NYS</subfield><subfield code="d">NVF</subfield><subfield code="d">OCLCQ</subfield><subfield code="d">NVF</subfield><subfield code="d">OCLCF</subfield><subfield code="d">OCLCO</subfield></datafield><datafield ind1="1" ind2=" " tag="029"><subfield code="a">AU@</subfield><subfield code="b">000040880120</subfield></datafield><datafield ind1=" " ind2=" " tag="042"><subfield code="a">pcc</subfield></datafield><datafield ind1=" " ind2=" " tag="043"><subfield code="a">n-us-il</subfield></datafield><datafield ind1="0" ind2="4" tag="245"><subfield code="a">The Assumption news.</subfield></datafield><datafield ind1=" " ind2=" " tag="260"><subfield code="a">Assumption, Christian County, Ill. :</subfield><subfield code="b">H.E. Bixby</subfield></datafield><datafield ind1=" " ind2=" " tag="300"><subfield code="a">v.</subfield></datafield><datafield ind1=" " ind2=" " tag="310"><subfield code="a">Weekly</subfield></datafield><datafield ind1="1" ind2=" " tag="362"><subfield code="a">Began in 1895?</subfield></datafield><datafield ind1=" " ind2=" " tag="588"><subfield code="a">Description based on: Vol. 4, no. 36 (Dec. 22, 1898).</subfield></datafield><datafield ind1=" " ind2=" " tag="588"><subfield code="a">Latest issue consulted: Dec. 20, 1900.</subfield></datafield><datafield ind1=" " ind2="0" tag="651"><subfield code="a">Assumption (Ill.)</subfield><subfield code="v">Newspapers.</subfield></datafield><datafield ind1=" " ind2="0" tag="651"><subfield code="a">Christian County (Ill.)</subfield><subfield code="v">Newspapers.</subfield></datafield><datafield ind1=" " ind2="7" tag="655"><subfield code="a">Newspapers.</subfield><subfield code="2">fast</subfield><subfield code="0">(OCoLC)fst01423814</subfield></datafield><datafield ind1=" " ind2="7" tag="651"><subfield code="a">Illinois</subfield><subfield code="z">Assumption.</subfield><subfield code="2">fast</subfield><subfield code="0">(OCoLC)fst01271646</subfield></datafield><datafield ind1=" " ind2="7" tag="651"><subfield code="a">Illinois</subfield><subfield code="z">Christian County.</subfield><subfield code="2">fast</subfield><subfield code="0">(OCoLC)fst01213226</subfield></datafield><datafield ind1=" " ind2=" " tag="752"><subfield code="a">United States</subfield><subfield code="b">Illinois</subfield><subfield code="c">Christian</subfield><subfield code="d">Assumption.</subfield></datafield><datafield ind1="0" ind2="0" tag="780"><subfield code="t">Saturday morning herald</subfield></datafield><datafield ind1="0" ind2="4" tag="785"><subfield code="t">Prairie state tribune</subfield><subfield code="w">(DLC)sn 91054610</subfield><subfield code="w">(OCoLC)23865808</subfield></datafield></record>